%YAML 1.1
%TAG !u! tag:unity3d.com,2011:
--- !u!1 &1274070430285864213
GameObject:
  m_ObjectHideFlags: 0
  m_CorrespondingSourceObject: {fileID: 0}
  m_PrefabInstance: {fileID: 0}
  m_PrefabAsset: {fileID: 0}
  serializedVersion: 6
  m_Component:
  - component: {fileID: 1274070430285864211}
  - component: {fileID: 1274070430285864210}
  m_Layer: 0
  m_Name: RodSystem
  m_TagString: Untagged
  m_Icon: {fileID: 0}
  m_NavMeshLayer: 0
  m_StaticEditorFlags: 0
  m_IsActive: 1
--- !u!4 &1274070430285864211
Transform:
  m_ObjectHideFlags: 0
  m_CorrespondingSourceObject: {fileID: 0}
  m_PrefabInstance: {fileID: 0}
  m_PrefabAsset: {fileID: 0}
  m_GameObject: {fileID: 1274070430285864213}
  m_LocalRotation: {x: 0, y: 0, z: 0, w: 1}
  m_LocalPosition: {x: 0, y: 0, z: 0}
  m_LocalScale: {x: 1, y: 1, z: 1}
  m_Children:
  - {fileID: 7738598334722911950}
  - {fileID: 7738598335542636489}
  - {fileID: 7738598334311180156}
  - {fileID: 7738598334036829642}
  m_Father: {fileID: 0}
  m_RootOrder: 0
  m_LocalEulerAnglesHint: {x: 0, y: 0, z: 0}
--- !u!114 &1274070430285864210
MonoBehaviour:
  m_ObjectHideFlags: 0
  m_CorrespondingSourceObject: {fileID: 0}
  m_PrefabInstance: {fileID: 0}
  m_PrefabAsset: {fileID: 0}
  m_GameObject: {fileID: 1274070430285864213}
  m_Enabled: 1
  m_EditorHideFlags: 0
  m_Script: {fileID: 11500000, guid: dc7b7ea95435a66419ef00efa70a5cae, type: 3}
  m_Name: 
  m_EditorClassIdentifier: 
  sprite1: {fileID: 5834087525188484399}
  sprite2: {fileID: 5834087525212782489}
  sprite3: {fileID: 5834087526702708524}
  sprite4: {fileID: 5834087525874071083}
  sicknessRatePercent: 0
--- !u!1001 &1274070429125749206
PrefabInstance:
  m_ObjectHideFlags: 0
  serializedVersion: 2
  m_Modification:
    m_TransformParent: {fileID: 1274070430285864211}
    m_Modifications:
    - target: {fileID: 8848287255881534491, guid: d31604f08e290e34594547db66adbc15,
        type: 3}
      propertyPath: m_Name
      value: Rod
      objectReference: {fileID: 0}
    - target: {fileID: 8848287255881534492, guid: d31604f08e290e34594547db66adbc15,
        type: 3}
      propertyPath: m_LocalPosition.x
      value: -7.257553
      objectReference: {fileID: 0}
    - target: {fileID: 8848287255881534492, guid: d31604f08e290e34594547db66adbc15,
        type: 3}
      propertyPath: m_LocalPosition.y
      value: 2.9447114
      objectReference: {fileID: 0}
    - target: {fileID: 8848287255881534492, guid: d31604f08e290e34594547db66adbc15,
        type: 3}
      propertyPath: m_LocalPosition.z
      value: -0.18552355
      objectReference: {fileID: 0}
    - target: {fileID: 8848287255881534492, guid: d31604f08e290e34594547db66adbc15,
        type: 3}
      propertyPath: m_LocalRotation.x
      value: -0
      objectReference: {fileID: 0}
    - target: {fileID: 8848287255881534492, guid: d31604f08e290e34594547db66adbc15,
        type: 3}
      propertyPath: m_LocalRotation.y
      value: -0
      objectReference: {fileID: 0}
    - target: {fileID: 8848287255881534492, guid: d31604f08e290e34594547db66adbc15,
        type: 3}
      propertyPath: m_LocalRotation.z
      value: -0
      objectReference: {fileID: 0}
    - target: {fileID: 8848287255881534492, guid: d31604f08e290e34594547db66adbc15,
        type: 3}
      propertyPath: m_LocalRotation.w
      value: 1
      objectReference: {fileID: 0}
    - target: {fileID: 8848287255881534492, guid: d31604f08e290e34594547db66adbc15,
        type: 3}
      propertyPath: m_RootOrder
      value: 3
      objectReference: {fileID: 0}
    - target: {fileID: 8848287255881534492, guid: d31604f08e290e34594547db66adbc15,
        type: 3}
      propertyPath: m_LocalEulerAnglesHint.x
      value: 0
      objectReference: {fileID: 0}
    - target: {fileID: 8848287255881534492, guid: d31604f08e290e34594547db66adbc15,
        type: 3}
      propertyPath: m_LocalEulerAnglesHint.y
      value: 0
      objectReference: {fileID: 0}
    - target: {fileID: 8848287255881534492, guid: d31604f08e290e34594547db66adbc15,
        type: 3}
      propertyPath: m_LocalEulerAnglesHint.z
      value: 0
      objectReference: {fileID: 0}
    - target: {fileID: 8848287256041006930, guid: d31604f08e290e34594547db66adbc15,
        type: 3}
      propertyPath: movementStartTime
      value: 1
      objectReference: {fileID: 0}
    m_RemovedComponents: []
  m_SourcePrefab: {fileID: 100100000, guid: d31604f08e290e34594547db66adbc15, type: 3}
--- !u!4 &7738598334036829642 stripped
Transform:
  m_CorrespondingSourceObject: {fileID: 8848287255881534492, guid: d31604f08e290e34594547db66adbc15,
    type: 3}
  m_PrefabInstance: {fileID: 1274070429125749206}
  m_PrefabAsset: {fileID: 0}
--- !u!114 &5834087525188484399 stripped
MonoBehaviour:
  m_CorrespondingSourceObject: {fileID: 4708724514731267321, guid: d31604f08e290e34594547db66adbc15,
    type: 3}
  m_PrefabInstance: {fileID: 1274070429125749206}
  m_PrefabAsset: {fileID: 0}
  m_GameObject: {fileID: 0}
  m_Enabled: 1
  m_EditorHideFlags: 0
  m_Script: {fileID: 11500000, guid: e2c975ef39bf46041abc110ded823c8d, type: 3}
  m_Name: 
  m_EditorClassIdentifier: 
--- !u!1001 &1274070429570657120
PrefabInstance:
  m_ObjectHideFlags: 0
  serializedVersion: 2
  m_Modification:
    m_TransformParent: {fileID: 1274070430285864211}
    m_Modifications:
    - target: {fileID: 8848287255881534491, guid: d31604f08e290e34594547db66adbc15,
        type: 3}
      propertyPath: m_Name
      value: Rod (1)
      objectReference: {fileID: 0}
    - target: {fileID: 8848287255881534492, guid: d31604f08e290e34594547db66adbc15,
        type: 3}
      propertyPath: m_LocalPosition.x
      value: -4.433837
      objectReference: {fileID: 0}
    - target: {fileID: 8848287255881534492, guid: d31604f08e290e34594547db66adbc15,
        type: 3}
      propertyPath: m_LocalPosition.y
      value: 2.9447114
      objectReference: {fileID: 0}
    - target: {fileID: 8848287255881534492, guid: d31604f08e290e34594547db66adbc15,
        type: 3}
      propertyPath: m_LocalPosition.z
      value: -0.18552355
      objectReference: {fileID: 0}
    - target: {fileID: 8848287255881534492, guid: d31604f08e290e34594547db66adbc15,
        type: 3}
      propertyPath: m_LocalRotation.x
      value: -0
      objectReference: {fileID: 0}
    - target: {fileID: 8848287255881534492, guid: d31604f08e290e34594547db66adbc15,
        type: 3}
      propertyPath: m_LocalRotation.y
      value: -0
      objectReference: {fileID: 0}
    - target: {fileID: 8848287255881534492, guid: d31604f08e290e34594547db66adbc15,
        type: 3}
      propertyPath: m_LocalRotation.z
      value: -0
      objectReference: {fileID: 0}
    - target: {fileID: 8848287255881534492, guid: d31604f08e290e34594547db66adbc15,
        type: 3}
      propertyPath: m_LocalRotation.w
      value: 1
      objectReference: {fileID: 0}
    - target: {fileID: 8848287255881534492, guid: d31604f08e290e34594547db66adbc15,
        type: 3}
      propertyPath: m_RootOrder
      value: 2
      objectReference: {fileID: 0}
    - target: {fileID: 8848287255881534492, guid: d31604f08e290e34594547db66adbc15,
        type: 3}
      propertyPath: m_LocalEulerAnglesHint.x
      value: 0
      objectReference: {fileID: 0}
    - target: {fileID: 8848287255881534492, guid: d31604f08e290e34594547db66adbc15,
        type: 3}
      propertyPath: m_LocalEulerAnglesHint.y
      value: 0
      objectReference: {fileID: 0}
    - target: {fileID: 8848287255881534492, guid: d31604f08e290e34594547db66adbc15,
        type: 3}
      propertyPath: m_LocalEulerAnglesHint.z
      value: 0
      objectReference: {fileID: 0}
    - target: {fileID: 8848287256041006930, guid: d31604f08e290e34594547db66adbc15,
        type: 3}
      propertyPath: movementStartTime
      value: 7
      objectReference: {fileID: 0}
    m_RemovedComponents: []
  m_SourcePrefab: {fileID: 100100000, guid: d31604f08e290e34594547db66adbc15, type: 3}
--- !u!4 &7738598334311180156 stripped
Transform:
  m_CorrespondingSourceObject: {fileID: 8848287255881534492, guid: d31604f08e290e34594547db66adbc15,
    type: 3}
  m_PrefabInstance: {fileID: 1274070429570657120}
  m_PrefabAsset: {fileID: 0}
--- !u!114 &5834087525212782489 stripped
MonoBehaviour:
  m_CorrespondingSourceObject: {fileID: 4708724514731267321, guid: d31604f08e290e34594547db66adbc15,
    type: 3}
  m_PrefabInstance: {fileID: 1274070429570657120}
  m_PrefabAsset: {fileID: 0}
  m_GameObject: {fileID: 0}
  m_Enabled: 1
  m_EditorHideFlags: 0
  m_Script: {fileID: 11500000, guid: e2c975ef39bf46041abc110ded823c8d, type: 3}
  m_Name: 
  m_EditorClassIdentifier: 
--- !u!1001 &1274070429983171282
PrefabInstance:
  m_ObjectHideFlags: 0
  serializedVersion: 2
  m_Modification:
    m_TransformParent: {fileID: 1274070430285864211}
    m_Modifications:
    - target: {fileID: 8848287255881534491, guid: d31604f08e290e34594547db66adbc15,
        type: 3}
      propertyPath: m_Name
      value: Rod (3)
      objectReference: {fileID: 0}
    - target: {fileID: 8848287255881534492, guid: d31604f08e290e34594547db66adbc15,
        type: 3}
      propertyPath: m_LocalPosition.x
      value: 6.5606365
      objectReference: {fileID: 0}
    - target: {fileID: 8848287255881534492, guid: d31604f08e290e34594547db66adbc15,
        type: 3}
      propertyPath: m_LocalPosition.y
      value: 3.0649042
      objectReference: {fileID: 0}
    - target: {fileID: 8848287255881534492, guid: d31604f08e290e34594547db66adbc15,
        type: 3}
      propertyPath: m_LocalPosition.z
      value: -0.18552355
      objectReference: {fileID: 0}
    - target: {fileID: 8848287255881534492, guid: d31604f08e290e34594547db66adbc15,
        type: 3}
      propertyPath: m_LocalRotation.x
      value: -0
      objectReference: {fileID: 0}
    - target: {fileID: 8848287255881534492, guid: d31604f08e290e34594547db66adbc15,
        type: 3}
      propertyPath: m_LocalRotation.y
      value: -0
      objectReference: {fileID: 0}
    - target: {fileID: 8848287255881534492, guid: d31604f08e290e34594547db66adbc15,
        type: 3}
      propertyPath: m_LocalRotation.z
      value: -0
      objectReference: {fileID: 0}
    - target: {fileID: 8848287255881534492, guid: d31604f08e290e34594547db66adbc15,
        type: 3}
      propertyPath: m_LocalRotation.w
      value: 1
      objectReference: {fileID: 0}
    - target: {fileID: 8848287255881534492, guid: d31604f08e290e34594547db66adbc15,
        type: 3}
      propertyPath: m_RootOrder
      value: 0
      objectReference: {fileID: 0}
    - target: {fileID: 8848287255881534492, guid: d31604f08e290e34594547db66adbc15,
        type: 3}
      propertyPath: m_LocalEulerAnglesHint.x
      value: 0
      objectReference: {fileID: 0}
    - target: {fileID: 8848287255881534492, guid: d31604f08e290e34594547db66adbc15,
        type: 3}
      propertyPath: m_LocalEulerAnglesHint.y
      value: 0
      objectReference: {fileID: 0}
    - target: {fileID: 8848287255881534492, guid: d31604f08e290e34594547db66adbc15,
        type: 3}
      propertyPath: m_LocalEulerAnglesHint.z
      value: 0
      objectReference: {fileID: 0}
    - target: {fileID: 8848287256041006930, guid: d31604f08e290e34594547db66adbc15,
        type: 3}
      propertyPath: movementStartTime
      value: 12
      objectReference: {fileID: 0}
    m_RemovedComponents: []
  m_SourcePrefab: {fileID: 100100000, guid: d31604f08e290e34594547db66adbc15, type: 3}
--- !u!4 &7738598334722911950 stripped
Transform:
  m_CorrespondingSourceObject: {fileID: 8848287255881534492, guid: d31604f08e290e34594547db66adbc15,
    type: 3}
  m_PrefabInstance: {fileID: 1274070429983171282}
  m_PrefabAsset: {fileID: 0}
--- !u!114 &5834087525874071083 stripped
MonoBehaviour:
  m_CorrespondingSourceObject: {fileID: 4708724514731267321, guid: d31604f08e290e34594547db66adbc15,
    type: 3}
  m_PrefabInstance: {fileID: 1274070429983171282}
  m_PrefabAsset: {fileID: 0}
  m_GameObject: {fileID: 0}
  m_Enabled: 1
  m_EditorHideFlags: 0
  m_Script: {fileID: 11500000, guid: e2c975ef39bf46041abc110ded823c8d, type: 3}
  m_Name: 
  m_EditorClassIdentifier: 
--- !u!1001 &1274070430757282773
PrefabInstance:
  m_ObjectHideFlags: 0
  serializedVersion: 2
  m_Modification:
    m_TransformParent: {fileID: 1274070430285864211}
    m_Modifications:
    - target: {fileID: 8848287255881534491, guid: d31604f08e290e34594547db66adbc15,
        type: 3}
      propertyPath: m_Name
      value: Rod (2)
      objectReference: {fileID: 0}
    - target: {fileID: 8848287255881534492, guid: d31604f08e290e34594547db66adbc15,
        type: 3}
      propertyPath: m_LocalPosition.x
      value: 2.2349412
      objectReference: {fileID: 0}
    - target: {fileID: 8848287255881534492, guid: d31604f08e290e34594547db66adbc15,
        type: 3}
      propertyPath: m_LocalPosition.y
      value: 3.0048072
      objectReference: {fileID: 0}
    - target: {fileID: 8848287255881534492, guid: d31604f08e290e34594547db66adbc15,
        type: 3}
      propertyPath: m_LocalPosition.z
      value: -0.18552355
      objectReference: {fileID: 0}
    - target: {fileID: 8848287255881534492, guid: d31604f08e290e34594547db66adbc15,
        type: 3}
      propertyPath: m_LocalRotation.x
      value: -0
      objectReference: {fileID: 0}
    - target: {fileID: 8848287255881534492, guid: d31604f08e290e34594547db66adbc15,
        type: 3}
      propertyPath: m_LocalRotation.y
      value: -0
      objectReference: {fileID: 0}
    - target: {fileID: 8848287255881534492, guid: d31604f08e290e34594547db66adbc15,
        type: 3}
      propertyPath: m_LocalRotation.z
      value: -0
      objectReference: {fileID: 0}
    - target: {fileID: 8848287255881534492, guid: d31604f08e290e34594547db66adbc15,
        type: 3}
      propertyPath: m_LocalRotation.w
      value: 1
      objectReference: {fileID: 0}
    - target: {fileID: 8848287255881534492, guid: d31604f08e290e34594547db66adbc15,
        type: 3}
      propertyPath: m_RootOrder
      value: 1
      objectReference: {fileID: 0}
    - target: {fileID: 8848287255881534492, guid: d31604f08e290e34594547db66adbc15,
        type: 3}
      propertyPath: m_LocalEulerAnglesHint.x
      value: 0
      objectReference: {fileID: 0}
    - target: {fileID: 8848287255881534492, guid: d31604f08e290e34594547db66adbc15,
        type: 3}
      propertyPath: m_LocalEulerAnglesHint.y
      value: 0
      objectReference: {fileID: 0}
    - target: {fileID: 8848287255881534492, guid: d31604f08e290e34594547db66adbc15,
        type: 3}
      propertyPath: m_LocalEulerAnglesHint.z
      value: 0
      objectReference: {fileID: 0}
    - target: {fileID: 8848287256041006930, guid: d31604f08e290e34594547db66adbc15,
        type: 3}
      propertyPath: movementStartTime
      value: 10
      objectReference: {fileID: 0}
    m_RemovedComponents: []
  m_SourcePrefab: {fileID: 100100000, guid: d31604f08e290e34594547db66adbc15, type: 3}
--- !u!4 &7738598335542636489 stripped
Transform:
  m_CorrespondingSourceObject: {fileID: 8848287255881534492, guid: d31604f08e290e34594547db66adbc15,
    type: 3}
  m_PrefabInstance: {fileID: 1274070430757282773}
  m_PrefabAsset: {fileID: 0}
--- !u!114 &5834087526702708524 stripped
MonoBehaviour:
  m_CorrespondingSourceObject: {fileID: 4708724514731267321, guid: d31604f08e290e34594547db66adbc15,
    type: 3}
  m_PrefabInstance: {fileID: 1274070430757282773}
  m_PrefabAsset: {fileID: 0}
  m_GameObject: {fileID: 0}
  m_Enabled: 1
  m_EditorHideFlags: 0
  m_Script: {fileID: 11500000, guid: e2c975ef39bf46041abc110ded823c8d, type: 3}
  m_Name: 
  m_EditorClassIdentifier: 
